<record><leader>00000cas a22000007a 4500</leader><controlfield tag="001">15306515</controlfield><controlfield tag="008">870312d18921896paudn ne      0    0eng d</controlfield><datafield ind1=" " ind2=" " tag="010"><subfield code="a">sn 87078137 </subfield></datafield><datafield ind1=" " ind2=" " tag="040"><subfield code="a">NPH</subfield><subfield code="b">eng</subfield><subfield code="c">NPH</subfield><subfield code="d">GUA</subfield><subfield code="d">OCLCQ</subfield></datafield><datafield ind1=" " ind2=" " tag="042"><subfield code="a">msc</subfield></datafield><datafield ind1="0" ind2=" " tag="130"><subfield code="a">Altoona gazette (Altoona, Pa. : 1892)</subfield></datafield><datafield ind1="1" ind2="0" tag="245"><subfield code="a">Altoona gazette.</subfield></datafield><datafield ind1=" " ind2=" " tag="260"><subfield code="a">Altoona, Pa. :</subfield><subfield code="b">Gazette Co.</subfield></datafield><datafield ind1=" " ind2=" " tag="300"><subfield code="a">v. :</subfield><subfield code="b">ill. ;</subfield><subfield code="c">58 cm.</subfield></datafield><datafield ind1=" " ind2=" " tag="310"><subfield code="a">Daily (except Sunday)</subfield></datafield><datafield ind1="1" ind2=" " tag="362"><subfield code="a">Began with Apr. 5, 1892 issue; ceased in 1896.</subfield><subfield code="z">Cf. Wolf, G. Blair County's first hundred years, 1846-1946.</subfield></datafield><datafield ind1=" " ind2=" " tag="500"><subfield code="a">"An evening newspaper of Republican politics."</subfield></datafield><datafield ind1=" " ind2=" " tag="580"><subfield code="a">Issued also in a weekly edition called: Weekly gazette (Altoona, Pa.) (non-extant).</subfield></datafield><datafield ind1=" " ind2=" " tag="588"><subfield code="a">Description based on: Vol. 2, no. 104 (Aug. 3, 1893).</subfield></datafield><datafield ind1=" " ind2=" " tag="752"><subfield code="a">United States</subfield><subfield code="b">Pennsylvania</subfield><subfield code="c">Blair</subfield><subfield code="d">Altoona.</subfield></datafield><datafield ind1="1" ind2=" " tag="775"><subfield code="t">Weekly gazette (Altoona, Pa.)</subfield></datafield><datafield ind1="0" ind2="0" tag="785"><subfield code="t">Altoona evening gazette</subfield><subfield code="w">(DLC)sn 87078135</subfield></datafield></record>